<record><header><identifier>oai:aleph-nkp.cz:DNT01-000000278</identifier><datestamp>2021-08-01T12:02:39Z</datestamp><setSpec>DNT-ALL</setSpec></header><metadata><marc:record xmlns:marc="http://www.loc.gov/MARC21/slim"
xmlns:xsi="http://www.w3.org/2001/XMLSchema-instance"
xsi:schemaLocation="http://www.loc.gov/MARC21/slim
http://www.loc.gov/standards/marcxml/schema/MARC21slim.xsd"><marc:leader>     nas a22      i 4500</marc:leader><marc:controlfield tag="001">000000278</marc:controlfield><marc:controlfield tag="003">CZ PrDNT</marc:controlfield><marc:controlfield tag="005">20190821120313.0</marc:controlfield><marc:controlfield tag="007">ta</marc:controlfield><marc:controlfield tag="008">990906d19942000xr qr    c    0   b0cze  </marc:controlfield><marc:datafield tag="015" ind1=" " ind2=" "><marc:subfield code="z">cnb000733259</marc:subfield><marc:subfield code="z">cnb000101222</marc:subfield><marc:subfield code="z">cnb000100131</marc:subfield></marc:datafield><marc:datafield tag="035" ind1=" " ind2=" "><marc:subfield code="a">(CZ-PrSKC)cpk19990733259</marc:subfield></marc:datafield><marc:datafield tag="040" ind1=" " ind2=" "><marc:subfield code="a">ABA001</marc:subfield><marc:subfield code="b">cze</marc:subfield><marc:subfield code="e">rda</marc:subfield></marc:datafield><marc:datafield tag="043" ind1=" " ind2=" "><marc:subfield code="a">e-xr---</marc:subfield></marc:datafield><marc:datafield tag="045" ind1=" " ind2=" "><marc:subfield code="a">x9y0</marc:subfield></marc:datafield><marc:datafield tag="072" ind1=" " ind2="7"><marc:subfield code="a">09</marc:subfield><marc:subfield code="x">Rukopisy, prvotisky, staré tisky. Vzácná a pozoruhodná díla</marc:subfield><marc:subfield code="2">Konspekt</marc:subfield><marc:subfield code="9">12</marc:subfield></marc:datafield><marc:datafield tag="072" ind1=" " ind2="7"><marc:subfield code="a">72/76</marc:subfield><marc:subfield code="x">Výtvarné umění</marc:subfield><marc:subfield code="2">Konspekt</marc:subfield><marc:subfield code="9">21</marc:subfield></marc:datafield><marc:datafield tag="080" ind1=" " ind2=" "><marc:subfield code="a">72/76</marc:subfield><marc:subfield code="2">MRF</marc:subfield></marc:datafield><marc:datafield tag="080" ind1=" " ind2=" "><marc:subfield code="a">017.43</marc:subfield><marc:subfield code="2">MRF</marc:subfield></marc:datafield><marc:datafield tag="080" ind1=" " ind2=" "><marc:subfield code="a">655.425</marc:subfield><marc:subfield code="2">MRF</marc:subfield></marc:datafield><marc:datafield tag="080" ind1=" " ind2=" "><marc:subfield code="a">09</marc:subfield><marc:subfield code="2">MRF</marc:subfield></marc:datafield><marc:datafield tag="080" ind1=" " ind2=" "><marc:subfield code="a">(083.81)</marc:subfield><marc:subfield code="2">MRF</marc:subfield></marc:datafield><marc:datafield tag="110" ind1="2" ind2=" "><marc:subfield code="a">Aukční agentura a Antikvariát Prošek</marc:subfield><marc:subfield code="7">kn20010711020</marc:subfield><marc:subfield code="4">aut</marc:subfield></marc:datafield><marc:datafield tag="245" ind1="1" ind2="0"><marc:subfield code="a">Nabídkový katalog /</marc:subfield><marc:subfield code="c">Antikvariát Prošek</marc:subfield></marc:datafield><marc:datafield tag="246" ind1="1" ind2=" "><marc:subfield code="i">Název v čísle 21 (jaro 1997):</marc:subfield><marc:subfield code="a">Nabídkový veletržní katalog</marc:subfield></marc:datafield><marc:datafield tag="246" ind1="3" ind2=" "><marc:subfield code="a">Nabídkový katalog - Aukční agentura a Antikvariát Prošek</marc:subfield></marc:datafield><marc:datafield tag="264" ind1=" " ind2="1"><marc:subfield code="a">Praha :</marc:subfield><marc:subfield code="b">Antikvariát a Aukční agentura Prošek,</marc:subfield><marc:subfield code="c">[1994-2000]</marc:subfield></marc:datafield><marc:datafield tag="300" ind1=" " ind2=" "><marc:subfield code="a">^^^svazků ;</marc:subfield><marc:subfield code="c">15 x 21 cm</marc:subfield></marc:datafield><marc:datafield tag="310" ind1=" " ind2=" "><marc:subfield code="a">4x ročně</marc:subfield></marc:datafield><marc:datafield tag="336" ind1=" " ind2=" "><marc:subfield code="a">text</marc:subfield><marc:subfield code="b">txt</marc:subfield><marc:subfield code="2">rdacontent</marc:subfield></marc:datafield><marc:datafield tag="337" ind1=" " ind2=" "><marc:subfield code="a">bez média</marc:subfield><marc:subfield code="b">n</marc:subfield><marc:subfield code="2">rdamedia</marc:subfield></marc:datafield><marc:datafield tag="338" ind1=" " ind2=" "><marc:subfield code="a">svazek</marc:subfield><marc:subfield code="b">nc</marc:subfield><marc:subfield code="2">rdacarrier</marc:subfield></marc:datafield><marc:datafield tag="500" ind1=" " ind2=" "><marc:subfield code="a">Název z obálky</marc:subfield></marc:datafield><marc:datafield tag="500" ind1=" " ind2=" "><marc:subfield code="a">V příloze některých čísel je výsledková listina</marc:subfield></marc:datafield><marc:datafield tag="500" ind1=" " ind2=" "><marc:subfield code="a">Popsáno podle: 26. (jaro 1999)</marc:subfield><marc:subfield code="5">CZ-PrNK</marc:subfield></marc:datafield><marc:datafield tag="610" ind1="2" ind2="7"><marc:subfield code="a">Aukční agentura a Antikvariát Prošek</marc:subfield><marc:subfield code="7">kn20010711020</marc:subfield><marc:subfield code="2">czenas</marc:subfield></marc:datafield><marc:datafield tag="650" ind1="0" ind2="7"><marc:subfield code="a">antikvariáty</marc:subfield><marc:subfield code="7">ph118507</marc:subfield><marc:subfield code="z">Praha (Česko)</marc:subfield><marc:subfield code="2">czenas</marc:subfield></marc:datafield><marc:datafield tag="650" ind1="0" ind2="7"><marc:subfield code="a">vzácné knihy</marc:subfield><marc:subfield code="7">ph116657</marc:subfield><marc:subfield code="z">Česko</marc:subfield><marc:subfield code="2">czenas</marc:subfield></marc:datafield><marc:datafield tag="650" ind1="0" ind2="7"><marc:subfield code="a">umělecké předměty</marc:subfield><marc:subfield code="7">ph116532</marc:subfield><marc:subfield code="z">Česko</marc:subfield><marc:subfield code="2">czenas</marc:subfield></marc:datafield><marc:datafield tag="655" ind1=" " ind2="7"><marc:subfield code="a">katalogy</marc:subfield><marc:subfield code="7">fd132535</marc:subfield><marc:subfield code="2">czenas</marc:subfield></marc:datafield><marc:datafield tag="856" ind1="4" ind2="1"><marc:subfield code="u">http://krameriusndk.nkp.cz/search/handle/uuid:c014b850-7652-11e9-989c-5ef3fc9bb22f</marc:subfield><marc:subfield code="y">Digitalizovaný dokument</marc:subfield></marc:datafield><marc:datafield tag="902" ind1=" " ind2=" "><marc:subfield code="a">80-238-1300-5</marc:subfield><marc:subfield code="q">(č. 20 ;</marc:subfield><marc:subfield code="q">v knize neuvedeno ;</marc:subfield><marc:subfield code="q">brož.)</marc:subfield></marc:datafield><marc:datafield tag="902" ind1=" " ind2=" "><marc:subfield code="a">80-238-1880-5</marc:subfield><marc:subfield code="q">(č. 22 ;</marc:subfield><marc:subfield code="q">v knize neuvedeno ;</marc:subfield><marc:subfield code="q">brož.)</marc:subfield></marc:datafield><marc:datafield tag="902" ind1=" " ind2=" "><marc:subfield code="a">80-238-1879-1</marc:subfield><marc:subfield code="q">(č. 23 ;</marc:subfield><marc:subfield code="q">v knize neuvedeno ;</marc:subfield><marc:subfield code="q">brož.)</marc:subfield></marc:datafield><marc:datafield tag="902" ind1=" " ind2=" "><marc:subfield code="a">80-238-4403-2</marc:subfield><marc:subfield code="q">(č. 26 ;</marc:subfield><marc:subfield code="q">v knize neuvedeno ;</marc:subfield><marc:subfield code="q">brož.)</marc:subfield></marc:datafield><marc:datafield tag="902" ind1=" " ind2=" "><marc:subfield code="a">80-238-5963-3</marc:subfield><marc:subfield code="q">(č. 27 ;</marc:subfield><marc:subfield code="q">v knize neuvedeno ;</marc:subfield><marc:subfield code="q">brož.)</marc:subfield></marc:datafield><marc:datafield tag="902" ind1=" " ind2=" "><marc:subfield code="a">80-238-5964-1</marc:subfield><marc:subfield code="q">(č. 28 ;</marc:subfield><marc:subfield code="q">v knize neuvedeno ;</marc:subfield><marc:subfield code="q">brož.)</marc:subfield></marc:datafield><marc:datafield tag="902" ind1=" " ind2=" "><marc:subfield code="a">80-238-6388-6</marc:subfield><marc:subfield code="q">(č. 29 ;</marc:subfield><marc:subfield code="q">v knize neuvedeno ;</marc:subfield><marc:subfield code="q">brož.)</marc:subfield></marc:datafield><marc:datafield tag="956" ind1="4" ind2=" "><marc:subfield code="u">http://krameriusndk.nkp.cz/search/handle/uuid:c014b850-7652-11e9-989c-5ef3fc9bb22f</marc:subfield><marc:subfield code="9">A</marc:subfield></marc:datafield><marc:datafield tag="956" ind1="4" ind2=" "><marc:subfield code="u">http://krameriusndk.nkp.cz/search/handle/uuid:ec4e8f90-82af-11e9-b724-005056827e52</marc:subfield><marc:subfield code="x">1997</marc:subfield><marc:subfield code="y">1997</marc:subfield><marc:subfield code="9">A</marc:subfield></marc:datafield><marc:datafield tag="956" ind1="4" ind2=" "><marc:subfield code="u">http://krameriusndk.nkp.cz/search/handle/uuid:c342c6c0-7652-11e9-ba7f-005056827e51</marc:subfield><marc:subfield code="x">2000</marc:subfield><marc:subfield code="y">2000</marc:subfield><marc:subfield code="9">A</marc:subfield></marc:datafield><marc:datafield tag="990" ind1=" " ind2=" "><marc:subfield code="a">A</marc:subfield></marc:datafield><marc:datafield tag="992" ind1=" " ind2=" "><marc:subfield code="s">A</marc:subfield><marc:subfield code="a">20200101</marc:subfield><marc:subfield code="b">batch</marc:subfield></marc:datafield><marc:datafield tag="998" ind1=" " ind2=" "><marc:subfield code="a">DNT01-000000278</marc:subfield></marc:datafield></marc:record></metadata></record>