<record><header><identifier>oai:aleph-nkp.cz:DNT01-000050007</identifier><datestamp>2021-08-01T12:02:39Z</datestamp><setSpec>DNT-ALL</setSpec></header><metadata><marc:record xmlns:marc="http://www.loc.gov/MARC21/slim"
xmlns:xsi="http://www.w3.org/2001/XMLSchema-instance"
xsi:schemaLocation="http://www.loc.gov/MARC21/slim
http://www.loc.gov/standards/marcxml/schema/MARC21slim.xsd"><marc:leader>     nam a22        4500</marc:leader><marc:controlfield tag="001">000050007</marc:controlfield><marc:controlfield tag="003">CZ PrDNT</marc:controlfield><marc:controlfield tag="005">20140823174733.0</marc:controlfield><marc:controlfield tag="007">tu</marc:controlfield><marc:controlfield tag="008">840521s1984    xr ||||||||||u0|0 ||cze||</marc:controlfield><marc:datafield tag="015" ind1=" " ind2=" "><marc:subfield code="a">cnb000008738</marc:subfield></marc:datafield><marc:datafield tag="020" ind1=" " ind2=" "><marc:subfield code="q">(Váz.) :</marc:subfield><marc:subfield code="c">Kčs 26,00</marc:subfield></marc:datafield><marc:datafield tag="035" ind1=" " ind2=" "><marc:subfield code="a">(CZ-PrSKC)kpw0173598</marc:subfield></marc:datafield><marc:datafield tag="040" ind1=" " ind2=" "><marc:subfield code="a">ABA001</marc:subfield><marc:subfield code="b">cze</marc:subfield><marc:subfield code="d">ABA001</marc:subfield></marc:datafield><marc:datafield tag="041" ind1="1" ind2=" "><marc:subfield code="a">cze</marc:subfield><marc:subfield code="h">slo</marc:subfield></marc:datafield><marc:datafield tag="072" ind1=" " ind2="7"><marc:subfield code="a">821.162.4</marc:subfield><marc:subfield code="x">Slovenská literatura</marc:subfield><marc:subfield code="2">Konspekt</marc:subfield><marc:subfield code="9">25</marc:subfield></marc:datafield><marc:datafield tag="100" ind1="1" ind2=" "><marc:subfield code="a">Jilemnický, Peter,</marc:subfield><marc:subfield code="d">1901-1949</marc:subfield><marc:subfield code="7">jk01051711</marc:subfield><marc:subfield code="4">aut</marc:subfield></marc:datafield><marc:datafield tag="245" ind1="1" ind2="0"><marc:subfield code="a">Kompas v nás /</marc:subfield><marc:subfield code="c">Peter Jilemnický ; ze slov. přel. Břetislav Truhlář</marc:subfield></marc:datafield><marc:datafield tag="250" ind1=" " ind2=" "><marc:subfield code="a">4. vyd.</marc:subfield></marc:datafield><marc:datafield tag="260" ind1=" " ind2=" "><marc:subfield code="a">Praha :</marc:subfield><marc:subfield code="b">Československý spisovatel,</marc:subfield><marc:subfield code="c">1984</marc:subfield><marc:subfield code="e">(Vimperk :</marc:subfield><marc:subfield code="f">Stráž)</marc:subfield></marc:datafield><marc:datafield tag="300" ind1=" " ind2=" "><marc:subfield code="a">467 s. ;</marc:subfield><marc:subfield code="c">20 cm</marc:subfield></marc:datafield><marc:datafield tag="490" ind1="1" ind2=" "><marc:subfield code="a">Slovenská knihovna</marc:subfield></marc:datafield><marc:datafield tag="500" ind1=" " ind2=" "><marc:subfield code="a">Obálku s použitím detailu z obrazu Miloše Bazovského navrhl Rostislav Vaněk</marc:subfield></marc:datafield><marc:datafield tag="500" ind1=" " ind2=" "><marc:subfield code="a">3500 výt.</marc:subfield></marc:datafield><marc:datafield tag="655" ind1=" " ind2="7"><marc:subfield code="a">slovenské novely</marc:subfield><marc:subfield code="7">fd183405</marc:subfield><marc:subfield code="2">czenas</marc:subfield></marc:datafield><marc:datafield tag="700" ind1="1" ind2=" "><marc:subfield code="a">Truhlář, Břetislav,</marc:subfield><marc:subfield code="d">1926-1990</marc:subfield><marc:subfield code="7">jk01140237</marc:subfield><marc:subfield code="4">trl</marc:subfield></marc:datafield><marc:datafield tag="830" ind1=" " ind2="0"><marc:subfield code="a">Slovenská knihovna</marc:subfield></marc:datafield><marc:datafield tag="856" ind1="4" ind2="1"><marc:subfield code="u">http://krameriusndk.nkp.cz/search/handle/uuid:6c856aa0-f5dc-11e3-b4ad-005056827e51</marc:subfield><marc:subfield code="y">Digitalizovaný dokument</marc:subfield></marc:datafield><marc:datafield tag="956" ind1="4" ind2=" "><marc:subfield code="u">http://krameriusndk.nkp.cz/search/handle/uuid:6c856aa0-f5dc-11e3-b4ad-005056827e51</marc:subfield><marc:subfield code="9">A</marc:subfield></marc:datafield><marc:datafield tag="990" ind1=" " ind2=" "><marc:subfield code="a">A</marc:subfield></marc:datafield><marc:datafield tag="992" ind1=" " ind2=" "><marc:subfield code="s">A</marc:subfield><marc:subfield code="a">20200101</marc:subfield><marc:subfield code="b">batch</marc:subfield></marc:datafield><marc:datafield tag="998" ind1=" " ind2=" "><marc:subfield code="a">DNT01-000050007</marc:subfield></marc:datafield></marc:record></metadata></record>