<record><header><identifier>oai:aleph-nkp.cz:DNT01-000050006</identifier><datestamp>2021-08-01T12:02:39Z</datestamp><setSpec>DNT-ALL</setSpec></header><metadata><marc:record xmlns:marc="http://www.loc.gov/MARC21/slim"
xmlns:xsi="http://www.w3.org/2001/XMLSchema-instance"
xsi:schemaLocation="http://www.loc.gov/MARC21/slim
http://www.loc.gov/standards/marcxml/schema/MARC21slim.xsd"><marc:leader>     nam a22        4500</marc:leader><marc:controlfield tag="001">000050006</marc:controlfield><marc:controlfield tag="003">CZ PrDNT</marc:controlfield><marc:controlfield tag="005">20201120111025.0</marc:controlfield><marc:controlfield tag="007">tu</marc:controlfield><marc:controlfield tag="008">840403s1984    xr a|||||||||u0|0 ||cze||</marc:controlfield><marc:datafield tag="015" ind1=" " ind2=" "><marc:subfield code="a">cnb000008736</marc:subfield></marc:datafield><marc:datafield tag="020" ind1=" " ind2=" "><marc:subfield code="q">(Váz.) :</marc:subfield><marc:subfield code="c">26 Kčs</marc:subfield></marc:datafield><marc:datafield tag="035" ind1=" " ind2=" "><marc:subfield code="a">(CZ-PrSKC)kpw01420056</marc:subfield></marc:datafield><marc:datafield tag="040" ind1=" " ind2=" "><marc:subfield code="a">ABA001</marc:subfield><marc:subfield code="b">cze</marc:subfield><marc:subfield code="d">ABA001</marc:subfield></marc:datafield><marc:datafield tag="072" ind1=" " ind2="7"><marc:subfield code="a">821.162.3-3</marc:subfield><marc:subfield code="x">Česká próza</marc:subfield><marc:subfield code="2">Konspekt</marc:subfield><marc:subfield code="9">25</marc:subfield></marc:datafield><marc:datafield tag="072" ind1=" " ind2="7"><marc:subfield code="a">821-93</marc:subfield><marc:subfield code="x">Literatura pro děti a mládež (beletrie)</marc:subfield><marc:subfield code="2">Konspekt</marc:subfield><marc:subfield code="9">26</marc:subfield></marc:datafield><marc:datafield tag="100" ind1="1" ind2=" "><marc:subfield code="a">Suchl, Jan,</marc:subfield><marc:subfield code="d">1928-</marc:subfield><marc:subfield code="7">jk01121710</marc:subfield><marc:subfield code="4">aut</marc:subfield></marc:datafield><marc:datafield tag="245" ind1="1" ind2="0"><marc:subfield code="a">Ztracená osada :</marc:subfield><marc:subfield code="b">pro čtenáře od 10 let /</marc:subfield><marc:subfield code="c">Jan Suchl ; il. Ruda Šváb</marc:subfield></marc:datafield><marc:datafield tag="250" ind1=" " ind2=" "><marc:subfield code="a">1. vyd.</marc:subfield></marc:datafield><marc:datafield tag="260" ind1=" " ind2=" "><marc:subfield code="a">Praha :</marc:subfield><marc:subfield code="b">Albatros,</marc:subfield><marc:subfield code="c">1984</marc:subfield></marc:datafield><marc:datafield tag="300" ind1=" " ind2=" "><marc:subfield code="a">239 s. :</marc:subfield><marc:subfield code="b">obr. ;</marc:subfield><marc:subfield code="c">21 cm</marc:subfield></marc:datafield><marc:datafield tag="500" ind1=" " ind2=" "><marc:subfield code="a">20000 výt.</marc:subfield></marc:datafield><marc:datafield tag="500" ind1=" " ind2=" "><marc:subfield code="a">Obálka Pavel Rajský</marc:subfield></marc:datafield><marc:datafield tag="500" ind1=" " ind2=" "><marc:subfield code="a">Il. na předsádkách</marc:subfield></marc:datafield><marc:datafield tag="500" ind1=" " ind2=" "><marc:subfield code="a">Ilustr. tit. list</marc:subfield></marc:datafield><marc:datafield tag="655" ind1=" " ind2="7"><marc:subfield code="a">české příběhy</marc:subfield><marc:subfield code="7">fd133973</marc:subfield><marc:subfield code="2">czenas</marc:subfield></marc:datafield><marc:datafield tag="655" ind1=" " ind2="7"><marc:subfield code="a">chlapecké příběhy</marc:subfield><marc:subfield code="7">fd187898</marc:subfield><marc:subfield code="2">czenas</marc:subfield></marc:datafield><marc:datafield tag="655" ind1=" " ind2="7"><marc:subfield code="a">publikace pro děti</marc:subfield><marc:subfield code="7">fd133156</marc:subfield><marc:subfield code="2">czenas</marc:subfield></marc:datafield><marc:datafield tag="700" ind1="1" ind2=" "><marc:subfield code="a">Šváb, Ruda,</marc:subfield><marc:subfield code="d">1909-1989</marc:subfield><marc:subfield code="7">jn20000402941</marc:subfield><marc:subfield code="4">ill</marc:subfield></marc:datafield><marc:datafield tag="856" ind1="4" ind2="1"><marc:subfield code="u">http://krameriusndk.nkp.cz/search/handle/uuid:075919c0-2328-11e2-8579-005056827e52</marc:subfield><marc:subfield code="y">Digitalizovaný dokument</marc:subfield></marc:datafield><marc:datafield tag="956" ind1="4" ind2=" "><marc:subfield code="u">http://krameriusndk.nkp.cz/search/handle/uuid:075919c0-2328-11e2-8579-005056827e52</marc:subfield><marc:subfield code="9">A</marc:subfield></marc:datafield><marc:datafield tag="990" ind1=" " ind2=" "><marc:subfield code="a">A</marc:subfield></marc:datafield><marc:datafield tag="992" ind1=" " ind2=" "><marc:subfield code="s">A</marc:subfield><marc:subfield code="a">20200101</marc:subfield><marc:subfield code="b">batch</marc:subfield></marc:datafield><marc:datafield tag="998" ind1=" " ind2=" "><marc:subfield code="a">DNT01-000050006</marc:subfield></marc:datafield></marc:record></metadata></record>