<record><header><identifier>oai:aleph-nkp.cz:DNT01-000050026</identifier><datestamp>2021-08-01T12:02:39Z</datestamp><setSpec>DNT-ALL</setSpec></header><metadata><marc:record xmlns:marc="http://www.loc.gov/MARC21/slim"
xmlns:xsi="http://www.w3.org/2001/XMLSchema-instance"
xsi:schemaLocation="http://www.loc.gov/MARC21/slim
http://www.loc.gov/standards/marcxml/schema/MARC21slim.xsd"><marc:leader>     nam a22        4500</marc:leader><marc:controlfield tag="001">000050026</marc:controlfield><marc:controlfield tag="003">CZ PrDNT</marc:controlfield><marc:controlfield tag="005">20200709100032.0</marc:controlfield><marc:controlfield tag="007">ta</marc:controlfield><marc:controlfield tag="008">840601s1983    xr a   e p    000 0 cze  </marc:controlfield><marc:datafield tag="015" ind1=" " ind2=" "><marc:subfield code="a">cnb000008882</marc:subfield></marc:datafield><marc:datafield tag="020" ind1=" " ind2=" "><marc:subfield code="q">(Brož.) :</marc:subfield><marc:subfield code="c">Kčs 6,50</marc:subfield></marc:datafield><marc:datafield tag="035" ind1=" " ind2=" "><marc:subfield code="a">(CZ-PrSKC)ck8401493</marc:subfield></marc:datafield><marc:datafield tag="040" ind1=" " ind2=" "><marc:subfield code="a">ABA001</marc:subfield><marc:subfield code="b">cze</marc:subfield><marc:subfield code="d">ABA001</marc:subfield></marc:datafield><marc:datafield tag="072" ind1=" " ind2="7"><marc:subfield code="a">615.8</marc:subfield><marc:subfield code="x">Fyzioterapie. Psychoterapie. Alternativní lékařství</marc:subfield><marc:subfield code="2">Konspekt</marc:subfield><marc:subfield code="9">14</marc:subfield></marc:datafield><marc:datafield tag="072" ind1=" " ind2="7"><marc:subfield code="a">37.016</marc:subfield><marc:subfield code="x">Učební osnovy. Vyučovací předměty. Učebnice</marc:subfield><marc:subfield code="2">Konspekt</marc:subfield><marc:subfield code="9">22</marc:subfield></marc:datafield><marc:datafield tag="080" ind1=" " ind2=" "><marc:subfield code="a">615.8</marc:subfield><marc:subfield code="2">MRF</marc:subfield></marc:datafield><marc:datafield tag="080" ind1=" " ind2=" "><marc:subfield code="a">00</marc:subfield><marc:subfield code="2">MRF</marc:subfield></marc:datafield><marc:datafield tag="080" ind1=" " ind2=" "><marc:subfield code="a">(075.8)</marc:subfield><marc:subfield code="2">MRF</marc:subfield></marc:datafield><marc:datafield tag="100" ind1="1" ind2=" "><marc:subfield code="a">Javůrek, Jan,</marc:subfield><marc:subfield code="d">1931-2017</marc:subfield><marc:subfield code="7">jk01051348</marc:subfield><marc:subfield code="4">aut</marc:subfield></marc:datafield><marc:datafield tag="245" ind1="1" ind2="0"><marc:subfield code="a">Propedeutika léčebné rehabilitace /</marc:subfield><marc:subfield code="c">Jan Javůrek</marc:subfield></marc:datafield><marc:datafield tag="250" ind1=" " ind2=" "><marc:subfield code="a">1. vyd.</marc:subfield></marc:datafield><marc:datafield tag="260" ind1=" " ind2=" "><marc:subfield code="a">Praha :</marc:subfield><marc:subfield code="b">Univerzita Karlova,</marc:subfield><marc:subfield code="c">1983</marc:subfield></marc:datafield><marc:datafield tag="300" ind1=" " ind2=" "><marc:subfield code="a">164 s. :</marc:subfield><marc:subfield code="b">il. ;</marc:subfield><marc:subfield code="c">30 cm</marc:subfield></marc:datafield><marc:datafield tag="500" ind1=" " ind2=" "><marc:subfield code="a">300 výt.</marc:subfield></marc:datafield><marc:datafield tag="504" ind1=" " ind2=" "><marc:subfield code="a">Obsahuje bibliografii</marc:subfield></marc:datafield><marc:datafield tag="521" ind1="8" ind2=" "><marc:subfield code="a">Skripta pro posluchače Fakulty dětského lékařství a FTVS, obor rehabilitace, Univerzity Karlovy</marc:subfield></marc:datafield><marc:datafield tag="650" ind1="0" ind2="7"><marc:subfield code="a">léčebná rehabilitace</marc:subfield><marc:subfield code="7">ph122527</marc:subfield><marc:subfield code="2">czenas</marc:subfield></marc:datafield><marc:datafield tag="650" ind1="0" ind2="7"><marc:subfield code="a">propedeutika</marc:subfield><marc:subfield code="7">ph207467</marc:subfield><marc:subfield code="2">czenas</marc:subfield></marc:datafield><marc:datafield tag="655" ind1=" " ind2="7"><marc:subfield code="a">učebnice vysokých škol</marc:subfield><marc:subfield code="7">fd133772</marc:subfield><marc:subfield code="2">czenas</marc:subfield></marc:datafield><marc:datafield tag="856" ind1="4" ind2="1"><marc:subfield code="u">http://krameriusndk.nkp.cz/search/handle/uuid:b1428f80-17e0-11e4-8e0d-005056827e51</marc:subfield><marc:subfield code="y">Digitalizovaný dokument</marc:subfield></marc:datafield><marc:datafield tag="956" ind1="4" ind2=" "><marc:subfield code="u">http://krameriusndk.nkp.cz/search/handle/uuid:b1428f80-17e0-11e4-8e0d-005056827e51</marc:subfield><marc:subfield code="9">A</marc:subfield></marc:datafield><marc:datafield tag="990" ind1=" " ind2=" "><marc:subfield code="a">A</marc:subfield></marc:datafield><marc:datafield tag="992" ind1=" " ind2=" "><marc:subfield code="s">A</marc:subfield><marc:subfield code="a">20200101</marc:subfield><marc:subfield code="b">batch</marc:subfield></marc:datafield><marc:datafield tag="998" ind1=" " ind2=" "><marc:subfield code="a">DNT01-000050026</marc:subfield></marc:datafield></marc:record></metadata></record>