<record><header><identifier>oai:aleph-nkp.cz:DNT01-000000272</identifier><datestamp>2021-08-01T12:02:39Z</datestamp><setSpec>DNT-ALL</setSpec></header><metadata><marc:record xmlns:marc="http://www.loc.gov/MARC21/slim"
xmlns:xsi="http://www.w3.org/2001/XMLSchema-instance"
xsi:schemaLocation="http://www.loc.gov/MARC21/slim
http://www.loc.gov/standards/marcxml/schema/MARC21slim.xsd"><marc:leader>     nas a22      a 4500</marc:leader><marc:controlfield tag="001">000000272</marc:controlfield><marc:controlfield tag="003">CZ PrDNT</marc:controlfield><marc:controlfield tag="005">20180427111706.0</marc:controlfield><marc:controlfield tag="007">ta</marc:controlfield><marc:controlfield tag="008">990714d19942005xr  x         0   b0cze  </marc:controlfield><marc:datafield tag="015" ind1=" " ind2=" "><marc:subfield code="a">cnb000699582</marc:subfield></marc:datafield><marc:datafield tag="035" ind1=" " ind2=" "><marc:subfield code="a">(CZ-PrSKC)nkc20050699582</marc:subfield></marc:datafield><marc:datafield tag="040" ind1=" " ind2=" "><marc:subfield code="a">ABA001</marc:subfield><marc:subfield code="b">cze</marc:subfield></marc:datafield><marc:datafield tag="072" ind1=" " ind2="7"><marc:subfield code="a">27-4</marc:subfield><marc:subfield code="x">Praktická teologie. Morální teologie</marc:subfield><marc:subfield code="2">Konspekt</marc:subfield><marc:subfield code="9">5</marc:subfield></marc:datafield><marc:datafield tag="080" ind1=" " ind2=" "><marc:subfield code="a">248.215-055.2</marc:subfield><marc:subfield code="2">MRF</marc:subfield></marc:datafield><marc:datafield tag="080" ind1=" " ind2=" "><marc:subfield code="a">232</marc:subfield><marc:subfield code="2">MRF</marc:subfield></marc:datafield><marc:datafield tag="080" ind1=" " ind2=" "><marc:subfield code="a">232.931</marc:subfield><marc:subfield code="2">MRF</marc:subfield></marc:datafield><marc:datafield tag="080" ind1=" " ind2=" "><marc:subfield code="a">248.215</marc:subfield><marc:subfield code="2">MRF</marc:subfield></marc:datafield><marc:datafield tag="080" ind1=" " ind2=" "><marc:subfield code="a">304</marc:subfield><marc:subfield code="2">MRF</marc:subfield></marc:datafield><marc:datafield tag="080" ind1=" " ind2=" "><marc:subfield code="a">(092)</marc:subfield><marc:subfield code="2">MRF</marc:subfield></marc:datafield><marc:datafield tag="100" ind1="1" ind2=" "><marc:subfield code="a">Ryden, Vassula,</marc:subfield><marc:subfield code="d">1942-</marc:subfield><marc:subfield code="7">jn19981002099</marc:subfield><marc:subfield code="4">aut</marc:subfield></marc:datafield><marc:datafield tag="245" ind1="1" ind2="0"><marc:subfield code="a">Opravdový život v Bohu /</marc:subfield><marc:subfield code="c">Vassula</marc:subfield></marc:datafield><marc:datafield tag="246" ind1="3" ind2=" "><marc:subfield code="a">Ódy Nejsvětější Trojice</marc:subfield></marc:datafield><marc:datafield tag="260" ind1=" " ind2=" "><marc:subfield code="a">Olomouc :</marc:subfield><marc:subfield code="b">Matice cyrilometodějská,</marc:subfield><marc:subfield code="c">1994-2005</marc:subfield></marc:datafield><marc:datafield tag="300" ind1=" " ind2=" "><marc:subfield code="a">12 sv. ;</marc:subfield><marc:subfield code="c">21 cm</marc:subfield></marc:datafield><marc:datafield tag="310" ind1=" " ind2=" "><marc:subfield code="a">Vychází nepravidelně</marc:subfield></marc:datafield><marc:datafield tag="500" ind1=" " ind2=" "><marc:subfield code="a">Jednotlivé sv. mají ISBN</marc:subfield></marc:datafield><marc:datafield tag="500" ind1=" " ind2=" "><marc:subfield code="a">Přeloženo z angličtiny</marc:subfield></marc:datafield><marc:datafield tag="500" ind1=" " ind2=" "><marc:subfield code="a">Ve sv. 12 na tit. s. uvedeno: Ódy Nejsvětější Trojice</marc:subfield></marc:datafield><marc:datafield tag="500" ind1=" " ind2=" "><marc:subfield code="a">Popsáno podle: 8 (vyd. 1999)</marc:subfield></marc:datafield><marc:datafield tag="600" ind1="0" ind2="7"><marc:subfield code="a">Marie,</marc:subfield><marc:subfield code="c">Panna</marc:subfield><marc:subfield code="7">ola2002100464</marc:subfield><marc:subfield code="2">czenas</marc:subfield></marc:datafield><marc:datafield tag="600" ind1="1" ind2="7"><marc:subfield code="a">Ryden, Vassula,</marc:subfield><marc:subfield code="d">1942-</marc:subfield><marc:subfield code="7">jn19981002099</marc:subfield><marc:subfield code="2">czenas</marc:subfield></marc:datafield><marc:datafield tag="600" ind1="0" ind2="7"><marc:subfield code="a">Ježíš Kristus</marc:subfield><marc:subfield code="7">ola2002103454</marc:subfield><marc:subfield code="2">czenas</marc:subfield></marc:datafield><marc:datafield tag="650" ind1="0" ind2="7"><marc:subfield code="a">lidstvo</marc:subfield><marc:subfield code="7">ph122350</marc:subfield><marc:subfield code="2">czenas</marc:subfield></marc:datafield><marc:datafield tag="650" ind1="0" ind2="7"><marc:subfield code="a">křesťanské vizionářky</marc:subfield><marc:subfield code="7">ph122130</marc:subfield><marc:subfield code="2">czenas</marc:subfield></marc:datafield><marc:datafield tag="650" ind1="0" ind2="7"><marc:subfield code="a">christologie</marc:subfield><marc:subfield code="7">ph115015</marc:subfield><marc:subfield code="2">czenas</marc:subfield></marc:datafield><marc:datafield tag="650" ind1="0" ind2="7"><marc:subfield code="a">mariologie</marc:subfield><marc:subfield code="7">ph122641</marc:subfield><marc:subfield code="2">czenas</marc:subfield></marc:datafield><marc:datafield tag="650" ind1="0" ind2="7"><marc:subfield code="a">náboženská zjevení</marc:subfield><marc:subfield code="7">ph115477</marc:subfield><marc:subfield code="2">czenas</marc:subfield></marc:datafield><marc:datafield tag="653" ind1="0" ind2=" "><marc:subfield code="a">Opravdový život v Bohu</marc:subfield><marc:subfield code="a">True life in God</marc:subfield></marc:datafield><marc:datafield tag="655" ind1=" " ind2="7"><marc:subfield code="a">vzpomínky</marc:subfield><marc:subfield code="7">fd133830</marc:subfield><marc:subfield code="2">czenas</marc:subfield></marc:datafield><marc:datafield tag="765" ind1="0" ind2=" "><marc:subfield code="t">True life in God</marc:subfield><marc:subfield code="9">Česky</marc:subfield></marc:datafield><marc:datafield tag="856" ind1="4" ind2="1"><marc:subfield code="u">http://krameriusndk.nkp.cz/search/handle/uuid:5e643ee0-ded0-11e5-984e-005056827e52</marc:subfield><marc:subfield code="y">Digitalizovaný dokument</marc:subfield><marc:subfield code="z">11 (2004)</marc:subfield></marc:datafield><marc:datafield tag="856" ind1="4" ind2="1"><marc:subfield code="u">http://krameriusndk.nkp.cz/search/handle/uuid:52acfa60-ded0-11e5-984e-005056827e52</marc:subfield><marc:subfield code="y">Digitalizovaný dokument</marc:subfield><marc:subfield code="z">12 (2005)</marc:subfield></marc:datafield><marc:datafield tag="902" ind1=" " ind2=" "><marc:subfield code="a">80-238-0250-X</marc:subfield><marc:subfield code="q">(3 ;</marc:subfield><marc:subfield code="q">v knize neuvedeno ;</marc:subfield><marc:subfield code="q">brož.)</marc:subfield></marc:datafield><marc:datafield tag="902" ind1=" " ind2=" "><marc:subfield code="a">80-238-0912-1</marc:subfield><marc:subfield code="q">(4 ;</marc:subfield><marc:subfield code="q">v knize neuvedeno ;</marc:subfield><marc:subfield code="q">brož.)</marc:subfield></marc:datafield><marc:datafield tag="902" ind1=" " ind2=" "><marc:subfield code="a">80-238-2058-3</marc:subfield><marc:subfield code="q">(5 ;</marc:subfield><marc:subfield code="q">v knize neuvedeno ;</marc:subfield><marc:subfield code="q">brož.)</marc:subfield></marc:datafield><marc:datafield tag="902" ind1=" " ind2=" "><marc:subfield code="a">80-238-2059-1</marc:subfield><marc:subfield code="q">(6 ;</marc:subfield><marc:subfield code="q">v knize neuvedeno ;</marc:subfield><marc:subfield code="q">brož.)</marc:subfield></marc:datafield><marc:datafield tag="902" ind1=" " ind2=" "><marc:subfield code="a">80-7266-000-4</marc:subfield><marc:subfield code="q">(8 ;</marc:subfield><marc:subfield code="q">brož.)</marc:subfield></marc:datafield><marc:datafield tag="902" ind1=" " ind2=" "><marc:subfield code="a">80-7266-038-1</marc:subfield><marc:subfield code="q">(9 ;</marc:subfield><marc:subfield code="q">brož.)</marc:subfield></marc:datafield><marc:datafield tag="902" ind1=" " ind2=" "><marc:subfield code="a">80-7266-097-7</marc:subfield><marc:subfield code="q">(10 ;</marc:subfield><marc:subfield code="q">brož.)</marc:subfield></marc:datafield><marc:datafield tag="902" ind1=" " ind2=" "><marc:subfield code="a">80-7266-172-8</marc:subfield><marc:subfield code="q">(11 ;</marc:subfield><marc:subfield code="q">brož.)</marc:subfield></marc:datafield><marc:datafield tag="902" ind1=" " ind2=" "><marc:subfield code="a">80-7266-201-5</marc:subfield><marc:subfield code="q">(12 ;</marc:subfield><marc:subfield code="q">brož.)</marc:subfield></marc:datafield><marc:datafield tag="956" ind1="4" ind2=" "><marc:subfield code="u">http://krameriusndk.nkp.cz/search/handle/uuid:5e643ee0-ded0-11e5-984e-005056827e52</marc:subfield><marc:subfield code="x">11 (2004)</marc:subfield><marc:subfield code="y">2004</marc:subfield><marc:subfield code="9">A</marc:subfield><marc:subfield code="9">NZ</marc:subfield></marc:datafield><marc:datafield tag="956" ind1="4" ind2=" "><marc:subfield code="u">http://krameriusndk.nkp.cz/search/handle/uuid:52acfa60-ded0-11e5-984e-005056827e52</marc:subfield><marc:subfield code="x">12 (2005)</marc:subfield><marc:subfield code="y">2005</marc:subfield><marc:subfield code="9">A</marc:subfield><marc:subfield code="9">NZ</marc:subfield></marc:datafield><marc:datafield tag="990" ind1=" " ind2=" "><marc:subfield code="a">A</marc:subfield></marc:datafield><marc:datafield tag="990" ind1=" " ind2=" "><marc:subfield code="a">NZ</marc:subfield></marc:datafield><marc:datafield tag="992" ind1=" " ind2=" "><marc:subfield code="s">A</marc:subfield><marc:subfield code="a">20200101</marc:subfield><marc:subfield code="b">batch</marc:subfield></marc:datafield><marc:datafield tag="992" ind1=" " ind2=" "><marc:subfield code="s">PN</marc:subfield><marc:subfield code="a">20210120</marc:subfield><marc:subfield code="b">Matice cyrilometodějská s.r.o.</marc:subfield></marc:datafield><marc:datafield tag="992" ind1=" " ind2=" "><marc:subfield code="s">NZ</marc:subfield><marc:subfield code="a">20210125</marc:subfield><marc:subfield code="b">kahr</marc:subfield></marc:datafield><marc:datafield tag="998" ind1=" " ind2=" "><marc:subfield code="a">DNT01-000000272</marc:subfield></marc:datafield></marc:record></metadata></record>