<record><header><identifier>oai:aleph-nkp.cz:DNT01-000000301</identifier><datestamp>2021-08-01T12:02:39Z</datestamp><setSpec>DNT-ALL</setSpec></header><metadata><marc:record xmlns:marc="http://www.loc.gov/MARC21/slim"
xmlns:xsi="http://www.w3.org/2001/XMLSchema-instance"
xsi:schemaLocation="http://www.loc.gov/MARC21/slim
http://www.loc.gov/standards/marcxml/schema/MARC21slim.xsd"><marc:leader>     nai a22      a 4500</marc:leader><marc:controlfield tag="001">000000301</marc:controlfield><marc:controlfield tag="003">CZ PrDNT</marc:controlfield><marc:controlfield tag="005">20180227114318.0</marc:controlfield><marc:controlfield tag="007">ta</marc:controlfield><marc:controlfield tag="008">040625d20032005xr  x    fl   |   b2cze  </marc:controlfield><marc:datafield tag="015" ind1=" " ind2=" "><marc:subfield code="a">cnb001368024</marc:subfield></marc:datafield><marc:datafield tag="035" ind1=" " ind2=" "><marc:subfield code="a">(CZ-PrSKC)nkc20051368024</marc:subfield></marc:datafield><marc:datafield tag="040" ind1=" " ind2=" "><marc:subfield code="a">ABA001</marc:subfield><marc:subfield code="b">cze</marc:subfield></marc:datafield><marc:datafield tag="043" ind1=" " ind2=" "><marc:subfield code="a">e-xr---</marc:subfield></marc:datafield><marc:datafield tag="072" ind1=" " ind2="7"><marc:subfield code="a">657</marc:subfield><marc:subfield code="x">Účetnictví</marc:subfield><marc:subfield code="2">Konspekt</marc:subfield><marc:subfield code="9">4</marc:subfield></marc:datafield><marc:datafield tag="080" ind1=" " ind2=" "><marc:subfield code="a">331.346.2</marc:subfield><marc:subfield code="2">MRF</marc:subfield></marc:datafield><marc:datafield tag="080" ind1=" " ind2=" "><marc:subfield code="a">657</marc:subfield><marc:subfield code="2">MRF</marc:subfield></marc:datafield><marc:datafield tag="080" ind1=" " ind2=" "><marc:subfield code="a">336.745</marc:subfield><marc:subfield code="2">MRF</marc:subfield></marc:datafield><marc:datafield tag="080" ind1=" " ind2=" "><marc:subfield code="a">351.72</marc:subfield><marc:subfield code="2">MRF</marc:subfield></marc:datafield><marc:datafield tag="080" ind1=" " ind2=" "><marc:subfield code="a">(437.3)</marc:subfield><marc:subfield code="2">MRF</marc:subfield></marc:datafield><marc:datafield tag="080" ind1=" " ind2=" "><marc:subfield code="a">(035)</marc:subfield><marc:subfield code="2">MRF</marc:subfield></marc:datafield><marc:datafield tag="080" ind1=" " ind2=" "><marc:subfield code="a">(094.5)</marc:subfield><marc:subfield code="2">MRF</marc:subfield></marc:datafield><marc:datafield tag="100" ind1="1" ind2=" "><marc:subfield code="a">Janoušek, Karel,</marc:subfield><marc:subfield code="d">1946-</marc:subfield><marc:subfield code="7">jn99240000363</marc:subfield><marc:subfield code="4">aut</marc:subfield></marc:datafield><marc:datafield tag="245" ind1="1" ind2="0"><marc:subfield code="a">Zahraniční pracovní cesty a valutová pokladna /</marc:subfield><marc:subfield code="c">Karel Janoušek, Dagmar Procházková</marc:subfield></marc:datafield><marc:datafield tag="260" ind1=" " ind2=" "><marc:subfield code="a">Olomouc :</marc:subfield><marc:subfield code="b">ANAG,</marc:subfield><marc:subfield code="c">2003-2005</marc:subfield></marc:datafield><marc:datafield tag="300" ind1=" " ind2=" "><marc:subfield code="a">3 sv. ;</marc:subfield><marc:subfield code="c">21 cm</marc:subfield></marc:datafield><marc:datafield tag="310" ind1=" " ind2=" "><marc:subfield code="a">Aktualizováno nepravidelně</marc:subfield></marc:datafield><marc:datafield tag="490" ind1="1" ind2=" "><marc:subfield code="a">Účetnictví</marc:subfield></marc:datafield><marc:datafield tag="500" ind1=" " ind2=" "><marc:subfield code="a">Jednotlivé sv. mají ISBN</marc:subfield></marc:datafield><marc:datafield tag="500" ind1=" " ind2=" "><marc:subfield code="a">Popsáno podle: 2. vyd. (2004) včetně 3., aktualiz. vyd. (2005)</marc:subfield></marc:datafield><marc:datafield tag="505" ind1="2" ind2="0"><marc:subfield code="t">Zákon č. 119/1992 Sb., o cestovních náhradách</marc:subfield></marc:datafield><marc:datafield tag="650" ind1="0" ind2="7"><marc:subfield code="a">cestovní náhrady</marc:subfield><marc:subfield code="7">ph119112</marc:subfield><marc:subfield code="z">Česko</marc:subfield><marc:subfield code="2">czenas</marc:subfield></marc:datafield><marc:datafield tag="650" ind1="0" ind2="7"><marc:subfield code="a">účetnictví</marc:subfield><marc:subfield code="7">ph116911</marc:subfield><marc:subfield code="z">Česko</marc:subfield><marc:subfield code="2">czenas</marc:subfield></marc:datafield><marc:datafield tag="650" ind1="0" ind2="7"><marc:subfield code="a">devizy</marc:subfield><marc:subfield code="7">ph119409</marc:subfield><marc:subfield code="z">Česko</marc:subfield><marc:subfield code="2">czenas</marc:subfield></marc:datafield><marc:datafield tag="655" ind1=" " ind2="7"><marc:subfield code="a">příručky</marc:subfield><marc:subfield code="7">fd133209</marc:subfield><marc:subfield code="2">czenas</marc:subfield></marc:datafield><marc:datafield tag="655" ind1=" " ind2="7"><marc:subfield code="a">zákony</marc:subfield><marc:subfield code="7">fd133886</marc:subfield><marc:subfield code="2">czenas</marc:subfield></marc:datafield><marc:datafield tag="655" ind1=" " ind2="7"><marc:subfield code="a">právní předpisy</marc:subfield><marc:subfield code="7">fd133151</marc:subfield><marc:subfield code="2">czenas</marc:subfield></marc:datafield><marc:datafield tag="700" ind1="1" ind2=" "><marc:subfield code="a">Procházková, Dagmar,</marc:subfield><marc:subfield code="d">1960-</marc:subfield><marc:subfield code="7">mzk2004223624</marc:subfield><marc:subfield code="4">aut</marc:subfield></marc:datafield><marc:datafield tag="710" ind1="1" ind2="2"><marc:subfield code="a">Česko.</marc:subfield><marc:subfield code="t">Zákon o cestovních náhradách (1992, novely 2002-^^^^)</marc:subfield><marc:subfield code="7">kon2012733821</marc:subfield></marc:datafield><marc:datafield tag="830" ind1=" " ind2="0"><marc:subfield code="a">Účetnictví (ANAG)</marc:subfield></marc:datafield><marc:datafield tag="856" ind1="4" ind2="1"><marc:subfield code="u">http://krameriusndk.nkp.cz/search/handle/uuid:9b84d5b0-4aca-11e3-9c86-005056827e51</marc:subfield><marc:subfield code="y">Digitalizovaný dokument</marc:subfield><marc:subfield code="z">2003</marc:subfield></marc:datafield><marc:datafield tag="902" ind1=" " ind2=" "><marc:subfield code="a">80-7263-175-6</marc:subfield><marc:subfield code="q">(2003 ;</marc:subfield><marc:subfield code="q">brož.)</marc:subfield></marc:datafield><marc:datafield tag="902" ind1=" " ind2=" "><marc:subfield code="a">80-7263-219-1</marc:subfield><marc:subfield code="q">(2004 ;</marc:subfield><marc:subfield code="q">brož.)</marc:subfield></marc:datafield><marc:datafield tag="902" ind1=" " ind2=" "><marc:subfield code="a">80-7263-272-8</marc:subfield><marc:subfield code="q">(2005 ;</marc:subfield><marc:subfield code="q">brož.)</marc:subfield></marc:datafield><marc:datafield tag="956" ind1="4" ind2=" "><marc:subfield code="u">http://krameriusndk.nkp.cz/search/handle/uuid:9b84d5b0-4aca-11e3-9c86-005056827e51</marc:subfield><marc:subfield code="x">2003</marc:subfield><marc:subfield code="y">2003</marc:subfield><marc:subfield code="9">A</marc:subfield><marc:subfield code="9">NZ</marc:subfield></marc:datafield><marc:datafield tag="990" ind1=" " ind2=" "><marc:subfield code="a">A</marc:subfield></marc:datafield><marc:datafield tag="990" ind1=" " ind2=" "><marc:subfield code="a">NZ</marc:subfield></marc:datafield><marc:datafield tag="992" ind1=" " ind2=" "><marc:subfield code="s">A</marc:subfield><marc:subfield code="a">20200101</marc:subfield><marc:subfield code="b">batch</marc:subfield></marc:datafield><marc:datafield tag="992" ind1=" " ind2=" "><marc:subfield code="s">NZ</marc:subfield><marc:subfield code="a">20210130</marc:subfield><marc:subfield code="b">batch</marc:subfield></marc:datafield><marc:datafield tag="998" ind1=" " ind2=" "><marc:subfield code="a">DNT01-000000301</marc:subfield></marc:datafield></marc:record></metadata></record>