<record><header><identifier>oai:aleph-nkp.cz:DNT01-000050035</identifier><datestamp>2021-08-01T12:02:39Z</datestamp><setSpec>DNT-ALL</setSpec></header><metadata><marc:record xmlns:marc="http://www.loc.gov/MARC21/slim"
xmlns:xsi="http://www.w3.org/2001/XMLSchema-instance"
xsi:schemaLocation="http://www.loc.gov/MARC21/slim
http://www.loc.gov/standards/marcxml/schema/MARC21slim.xsd"><marc:leader>     nam a22        4500</marc:leader><marc:controlfield tag="001">000050035</marc:controlfield><marc:controlfield tag="003">CZ PrDNT</marc:controlfield><marc:controlfield tag="005">19940500000000.0</marc:controlfield><marc:controlfield tag="007">tu</marc:controlfield><marc:controlfield tag="008">840605s1984    xr           u0|1 | cze  </marc:controlfield><marc:datafield tag="015" ind1=" " ind2=" "><marc:subfield code="a">cnb000008936</marc:subfield></marc:datafield><marc:datafield tag="020" ind1=" " ind2=" "><marc:subfield code="q">(Váz.) :</marc:subfield><marc:subfield code="c">48 Kčs</marc:subfield></marc:datafield><marc:datafield tag="035" ind1=" " ind2=" "><marc:subfield code="a">(CZ-PrSKC)ck8401547</marc:subfield></marc:datafield><marc:datafield tag="040" ind1=" " ind2=" "><marc:subfield code="a">ABA001</marc:subfield><marc:subfield code="b">cze</marc:subfield><marc:subfield code="d">ABA001</marc:subfield></marc:datafield><marc:datafield tag="100" ind1="1" ind2=" "><marc:subfield code="a">Volf, Miloš Bohuslav,</marc:subfield><marc:subfield code="d">1915-1983</marc:subfield><marc:subfield code="7">jk01150511</marc:subfield><marc:subfield code="4">aut</marc:subfield></marc:datafield><marc:datafield tag="245" ind1="1" ind2="0"><marc:subfield code="a">Sklo ve výpočtech /</marc:subfield><marc:subfield code="c">Miloš B. Volf</marc:subfield></marc:datafield><marc:datafield tag="250" ind1=" " ind2=" "><marc:subfield code="a">1. vyd.</marc:subfield></marc:datafield><marc:datafield tag="260" ind1=" " ind2=" "><marc:subfield code="a">Praha :</marc:subfield><marc:subfield code="b">SNTL,</marc:subfield><marc:subfield code="c">1984</marc:subfield><marc:subfield code="e">(Čes. Těšín :</marc:subfield><marc:subfield code="f">Tisk 3)</marc:subfield></marc:datafield><marc:datafield tag="300" ind1=" " ind2=" "><marc:subfield code="a">332 s. :</marc:subfield><marc:subfield code="b">tb. ;</marc:subfield><marc:subfield code="c">25 cm</marc:subfield></marc:datafield><marc:datafield tag="500" ind1=" " ind2=" "><marc:subfield code="a">Věcný rejstřík</marc:subfield></marc:datafield><marc:datafield tag="500" ind1=" " ind2=" "><marc:subfield code="a">1200 výt.</marc:subfield></marc:datafield><marc:datafield tag="500" ind1=" " ind2=" "><marc:subfield code="a">Obálka a vazba Josef Kalousek</marc:subfield></marc:datafield><marc:datafield tag="500" ind1=" " ind2=" "><marc:subfield code="a">Pozn</marc:subfield></marc:datafield><marc:datafield tag="500" ind1=" " ind2=" "><marc:subfield code="a">Přehl. lit</marc:subfield></marc:datafield><marc:datafield tag="500" ind1=" " ind2=" "><marc:subfield code="a">Rus. a něm. souhrn</marc:subfield></marc:datafield><marc:datafield tag="856" ind1="4" ind2="1"><marc:subfield code="u">http://krameriusndk.nkp.cz/search/handle/uuid:0a1bd130-28e0-11e7-9efd-005056827e52</marc:subfield><marc:subfield code="y">Digitalizovaný dokument</marc:subfield></marc:datafield><marc:datafield tag="956" ind1="4" ind2=" "><marc:subfield code="u">http://krameriusndk.nkp.cz/search/handle/uuid:0a1bd130-28e0-11e7-9efd-005056827e52</marc:subfield><marc:subfield code="9">A</marc:subfield></marc:datafield><marc:datafield tag="964" ind1=" " ind2=" "><marc:subfield code="a">sklo - vlastnosti - výpočty</marc:subfield></marc:datafield><marc:datafield tag="990" ind1=" " ind2=" "><marc:subfield code="a">A</marc:subfield></marc:datafield><marc:datafield tag="992" ind1=" " ind2=" "><marc:subfield code="s">A</marc:subfield><marc:subfield code="a">20200101</marc:subfield><marc:subfield code="b">batch</marc:subfield></marc:datafield><marc:datafield tag="998" ind1=" " ind2=" "><marc:subfield code="a">DNT01-000050035</marc:subfield></marc:datafield></marc:record></metadata></record>